@misc{Authors14,
 author = {Authors},
 title = {The frobnicatable foo filter},
 note = {Face and Gesture  submission ID 324. Supplied as additional material {\tt fg324.pdf}},
 year = 2014
}

@misc{Authors14b,
 author = {Authors},
 title = {Frobnication tutorial},
 note = {Supplied as additional material {\tt tr.pdf}},
 year = 2014
}
@misc{Cases1,
 author = {Corona Cases},

 note = {https://www.reuters.com/world/asia-pacific/india-posts-record-daily-rise-covid-19-cases-401993-2021-05-01/},
}
@misc{Delloitte,
 titler = {Deloitte},

 note = {https://www2.deloitte.com/us/en/pages/public-sector/solutions/vaccine-management-system.html},
}
@misc{Infosys,
 title = {Infosys Public Services},
 note = {https://www.infosyspublicservices.com/offerings/vaccine-management-solution.html},
}
@misc{Accenture,
 title = {Accenture Solutions},
 note = {https://www.accenture.com/us-en/services/public-service/vaccine-management-solution},
}
@misc{IBM,
 author = {IBM },

 note = {https://www.ibm.com/in-en/blockchain/solutions/vaccine-distribution},
}
@article{Photo,

title = {Second wave Statistics},
note ={https://scroll.in/article/992165/are-younger-people-at-greater-risk-in-indias-second-wave-of-covid-19}
}

